@book{df,
    author = "David S. Dummit and Richard M. Foote",
    title = "Abstract Algebra",
    year = "2004",
    publisher = "John Wiley and Sons, Inc.",
    address = "Hoboken, New Jersey"
}

@book{gallian,
    author = "Joseph A. Gallian",
    title = "Contemporary Abstract Algebra 8th Ed.",
    year = "2013",
    publisher = "Brooks/Cole",
    address = "Boston, MA"
}

@book{grove,
    author = "Larry C. Grove",
    title = "Algebra",
    year = "1983",
    publisher = "Academic Press",
    address = "New York"
}

@misc{se,
    title = "Mathematics Stack Exchange",
    url = "https://math.stackexchange.com"
}

@misc{wiki,
    title = "Wikipedia",
    url = "https://en.wikipedia.org"
}

@misc{proofwiki,
    title = "Proof Wiki",
    url = "https://proofwiki.org"
}

@misc{planetmath,
    title = "Planet Math",
    url = "https://planetmath.org"
}

@misc{aops,
    title = "Art of Problem Solving",
    url = "https://artofproblemsolving.com/wiki/index.php?title="
}


@misc{idemdiag,
	title="Idempotent Matrices are Diagonalizable",
	url="http://idempotent-projective-matrices-are-diagonalizable"
}
@misc{idemeig,
	title="Idempotent Matrix and its Eigenvalues",
	url="http://yutsumura.com/idempotent-matrix-and-its-eigenvalues"
}
